% !Mode:: "TeX:UTF-8"

@article{smeulders2000content,
  title={Content-based image retrieval at the end of the early years},
  author={Smeulders, Arnold WM and Worring, Marcel and Santini, Simone and Gupta, Amarnath and Jain, Ramesh},
  journal={IEEE Transactions on pattern analysis and machine intelligence},
  volume={22},
  number={12},
  pages={1349--1380},
  year={2000},
  publisher={IEEE}
}

@article{simonyan2014very,
  title={Very deep convolutional networks for large-scale image recognition},
  author={Simonyan, Karen and Zisserman, Andrew},
  journal={arXiv preprint arXiv:1409.1556},
  year={2014}
}